%este es el formato común de citar artículos. El formato Bibtex facilita el trabajo.

@book{barrientos2007,
  title={Fundamentos de rob{\'o}tica},
  author={Barrientos, Antonio and Pe{\~n}in, Luis Felipe and Balaguer, Carlos and Aracil, Rafael},
  year={2007},
  publisher={McGraw-Hill, Interamericana de Espa{\~n}a}
}

@misc{mar,
  author = {{NASA}},
  title = {{Curiosity Rover, Mars Science Laboratory}},
  year = {2012},
   howpublished = "\url{http://www.nasa.gov/feature/jpl/nasas-curiosity-rover-team-confirms-ancient-lakes-on-mars/}",
   note = "[Online; consultado 22 de Agosto de 2013]"
}

@inproceedings{konolige2010projected,
  title={Projected texture stereo},
  author={Konolige, Kurt},
  booktitle={Robotics and Automation (ICRA), 2010 IEEE International Conference on},
  pages={148--155},
  year={2010},
  organization={IEEE}
}
